<record><leader>00000cas a22000007a 4500</leader><controlfield tag="001">43474045</controlfield><controlfield tag="008">000217d18921929sduwr ne      0    0eng d</controlfield><datafield ind1=" " ind2=" " tag="010"><subfield code="a">sn 99062049 </subfield></datafield><datafield ind1=" " ind2=" " tag="040"><subfield code="a">SXN</subfield><subfield code="b">eng</subfield><subfield code="c">SXN</subfield><subfield code="d">OCLCQ</subfield><subfield code="d">OCLCF</subfield><subfield code="d">OCLCO</subfield></datafield><datafield ind1="1" ind2=" " tag="029"><subfield code="a">AU@</subfield><subfield code="b">000021380002</subfield></datafield><datafield ind1=" " ind2=" " tag="042"><subfield code="a">msc</subfield></datafield><datafield ind1=" " ind2=" " tag="043"><subfield code="a">n-us-sd</subfield></datafield><datafield ind1="0" ind2="4" tag="245"><subfield code="a">The Sisseton weekly standard.</subfield></datafield><datafield ind1=" " ind2=" " tag="260"><subfield code="a">Sisseton, Roberts County, S.D. :</subfield><subfield code="b">C.C. Knappen</subfield></datafield><datafield ind1=" " ind2=" " tag="300"><subfield code="a">v.</subfield></datafield><datafield ind1=" " ind2=" " tag="310"><subfield code="a">Weekly</subfield></datafield><datafield ind1="1" ind2=" " tag="362"><subfield code="a">Began May 28, 1892; ceased 1929.</subfield></datafield><datafield ind1=" " ind2=" " tag="530"><subfield code="a">Available on microfilm from: State Archives, South Dakota State Historical Society.</subfield></datafield><datafield ind1=" " ind2=" " tag="580"><subfield code="a">Absorbed: The courant, and: The Peever pilot.</subfield></datafield><datafield ind1=" " ind2=" " tag="580"><subfield code="a">Absorbed by: Sisseton courier.</subfield></datafield><datafield ind1=" " ind2=" " tag="588"><subfield code="a">Description based on: Vol. 12, no. 24 (Dec. 23, 1904).</subfield></datafield><datafield ind1=" " ind2="0" tag="651"><subfield code="a">Sisseton (S.D.)</subfield><subfield code="v">Newspapers.</subfield></datafield><datafield ind1=" " ind2="0" tag="651"><subfield code="a">Roberts County (S.D.)</subfield><subfield code="v">Newspapers.</subfield></datafield><datafield ind1=" " ind2="7" tag="655"><subfield code="a">Newspapers.</subfield><subfield code="2">fast</subfield><subfield code="0">(OCoLC)fst01423814</subfield></datafield><datafield ind1=" " ind2="7" tag="651"><subfield code="a">South Dakota</subfield><subfield code="z">Roberts County.</subfield><subfield code="2">fast</subfield><subfield code="0">(OCoLC)fst01214938</subfield></datafield><datafield ind1=" " ind2="7" tag="651"><subfield code="a">South Dakota</subfield><subfield code="z">Sisseton.</subfield><subfield code="2">fast</subfield><subfield code="0">(OCoLC)fst01230732</subfield></datafield><datafield ind1=" " ind2=" " tag="752"><subfield code="a">United States</subfield><subfield code="b">South Dakota</subfield><subfield code="c">Roberts</subfield><subfield code="d">Sisseton.</subfield></datafield><datafield ind1="0" ind2="5" tag="780"><subfield code="t">Courant</subfield><subfield code="g">1917</subfield><subfield code="w">(DLC)sn 99062048</subfield></datafield><datafield ind1="0" ind2="5" tag="780"><subfield code="t">Peever pilot</subfield><subfield code="g">Aug. 30, 1918</subfield><subfield code="w">(DLC)sn2001063170</subfield></datafield><datafield ind1="0" ind2="4" tag="785"><subfield code="t">Sisseton courier</subfield><subfield code="w">(DLC)sn 86071478</subfield></datafield></record>